
@article{DBLP:journals/corr/RajpurkarZLL16,
  author       = {Pranav Rajpurkar and
                  Jian Zhang and
                  Konstantin Lopyrev and
                  Percy Liang},
  title        = {SQuAD: 100,000+ Questions for Machine Comprehension of Text},
  journal      = {CoRR},
  volume       = {abs/1606.05250},
  year         = {2016},
  url          = {http://arxiv.org/abs/1606.05250},
  eprinttype    = {arXiv},
  eprint       = {1606.05250},
  timestamp    = {Mon, 24 Aug 2020 14:01:25 +0200},
  biburl       = {https://dblp.org/rec/journals/corr/RajpurkarZLL16.bib},
  bibsource    = {dblp computer science bibliography, https://dblp.org}
}

@article{DBLP:journals/corr/abs-2104-08663,
  author       = {Nandan Thakur and
                  Nils Reimers and
                  Andreas R{\"{u}}ckl{\'{e}} and
                  Abhishek Srivastava and
                  Iryna Gurevych},
  title        = {{BEIR:} {A} Heterogenous Benchmark for Zero-shot Evaluation of Information
                  Retrieval Models},
  journal      = {CoRR},
  volume       = {abs/2104.08663},
  year         = {2021},
  url          = {https://arxiv.org/abs/2104.08663},
  eprinttype    = {arXiv},
  eprint       = {2104.08663},
  timestamp    = {Thu, 14 Oct 2021 09:14:46 +0200},
  biburl       = {https://dblp.org/rec/journals/corr/abs-2104-08663.bib},
  bibsource    = {dblp computer science bibliography, https://dblp.org}
}

@article{DBLP:journals/corr/abs-1904-08375,
  author       = {Rodrigo Frassetto Nogueira and
                  Wei Yang and
                  Jimmy Lin and
                  Kyunghyun Cho},
  title        = {Document Expansion by Query Prediction},
  journal      = {CoRR},
  volume       = {abs/1904.08375},
  year         = {2019},
  url          = {http://arxiv.org/abs/1904.08375},
  eprinttype    = {arXiv},
  eprint       = {1904.08375},
  timestamp    = {Fri, 20 May 2022 15:34:53 +0200},
  biburl       = {https://dblp.org/rec/journals/corr/abs-1904-08375.bib},
  bibsource    = {dblp computer science bibliography, https://dblp.org}
}

@article{DBLP:journals/corr/abs-1910-10683,
  author       = {Colin Raffel and
                  Noam Shazeer and
                  Adam Roberts and
                  Katherine Lee and
                  Sharan Narang and
                  Michael Matena and
                  Yanqi Zhou and
                  Wei Li and
                  Peter J. Liu},
  title        = {Exploring the Limits of Transfer Learning with a Unified Text-to-Text
                  Transformer},
  journal      = {CoRR},
  volume       = {abs/1910.10683},
  year         = {2019},
  url          = {http://arxiv.org/abs/1910.10683},
  eprinttype    = {arXiv},
  eprint       = {1910.10683},
  timestamp    = {Fri, 05 Feb 2021 15:43:41 +0100},
  biburl       = {https://dblp.org/rec/journals/corr/abs-1910-10683.bib},
  bibsource    = {dblp computer science bibliography, https://dblp.org}
}

@misc{ni2021sentencet5,
      title={Sentence-T5: Scalable Sentence Encoders from Pre-trained Text-to-Text Models}, 
      author={Jianmo Ni and Gustavo Hernández Ábrego and Noah Constant and Ji Ma and Keith B. Hall and Daniel Cer and Yinfei Yang},
      year={2021},
      eprint={2108.08877},
      archivePrefix={arXiv},
      primaryClass={cs.CL}
}

@article{DBLP:journals/corr/NguyenRSGTMD16,
  author       = {Tri Nguyen and
                  Mir Rosenberg and
                  Xia Song and
                  Jianfeng Gao and
                  Saurabh Tiwary and
                  Rangan Majumder and
                  Li Deng},
  title        = {{MS} {MARCO:} {A} Human Generated MAchine Reading COmprehension Dataset},
  journal      = {CoRR},
  volume       = {abs/1611.09268},
  year         = {2016},
  url          = {http://arxiv.org/abs/1611.09268},
  eprinttype    = {arXiv},
  eprint       = {1611.09268},
  timestamp    = {Mon, 13 Aug 2018 16:49:03 +0200},
  biburl       = {https://dblp.org/rec/journals/corr/NguyenRSGTMD16.bib},
  bibsource    = {dblp computer science bibliography, https://dblp.org}
}


@misc{sennrich2016neural,
      title={Neural Machine Translation of Rare Words with Subword Units}, 
      author={Rico Sennrich and Barry Haddow and Alexandra Birch},
      year={2016},
      eprint={1508.07909},
      archivePrefix={arXiv},
      primaryClass={cs.CL}
}

@misc{gospodinov2023doc2query,
      title={Doc2Query--: When Less is More}, 
      author={Mitko Gospodinov and Sean MacAvaney and Craig Macdonald},
      year={2023},
      eprint={2301.03266},
      archivePrefix={arXiv},
      primaryClass={cs.IR}
}

@online{msmarcomodel,
  author = {Nils Reimers},
  title = {msmarco-14langs-mt5-base-v1},
  url = {https://huggingface.co/doc2query/msmarco-14langs-mt5-base-v1},
  urldate = {2024-07-05}
}

 @misc{slosquad,
 title = {Slovene translation of the {SQuAD2}.0 dataset},
 author = {Borovi{\v c}, Mladen and {\v Z}agar, Kristjan and Ferme, Marko and Majninger, Sandi and Ojster{\v s}ek, Milan and {\v S}majdek, Uro{\v s} and Zirkelbach, Maj and Zupani{\v c}, Matja{\v z} and Jazbin{\v s}ek, Meta and {\v Z}itnik, Slavko and Robnik-{\v S}ikonja, Marko},
 url = {http://hdl.handle.net/11356/1756},
 note = {Slovenian language resource repository {CLARIN}.{SI}},
 copyright = {Creative Commons - Attribution 4.0 International ({CC} {BY} 4.0)},
 issn = {2820-4042},
 year = {2022} }


@online{slot5,
  author = {Matej Ulcar},
  title = {t5-sl-small},
  url = {https://huggingface.co/cjvt/t5-sl-small},
  urldate = {2024-07-05}
}

@article{DBLP:journals/corr/abs-2010-11934,
  author       = {Linting Xue and
                  Noah Constant and
                  Adam Roberts and
                  Mihir Kale and
                  Rami Al{-}Rfou and
                  Aditya Siddhant and
                  Aditya Barua and
                  Colin Raffel},
  title        = {mT5: {A} massively multilingual pre-trained text-to-text transformer},
  journal      = {CoRR},
  volume       = {abs/2010.11934},
  year         = {2020},
  url          = {https://arxiv.org/abs/2010.11934},
  eprinttype    = {arXiv},
  eprint       = {2010.11934},
  timestamp    = {Tue, 27 Oct 2020 11:22:08 +0100},
  biburl       = {https://dblp.org/rec/journals/corr/abs-2010-11934.bib},
  bibsource    = {dblp computer science bibliography, https://dblp.org}
}